%% This BibTeX bibliography file was created using BibDesk.
%% http://bibdesk.sourceforge.net/


%% Created for Eric Adamski at 2015-04-16 15:51:35 -0400


%% Saved with string encoding Unicode (UTF-8)



@conference{baumann,
	Author = {Baumann, A. and Peinado, M. and Hunt, G.},
	Booktitle = {Proceedings of the 11th USENIX Symposium on Operating Systems Design and Implementation},
	Organization = {USENIX},
	Pages = {267--283},
	Title = {{Shielding applications from an untrusted cloud with Haven}},
	Year = {2014}}

@article{subashini,
	Author = {Subashini, S. and Kavitha, V.},
	Journal = {Journal of Network and Computer Applications},
	Number = {1},
	Pages = {1--11},
	Publisher = {Web},
	Title = {{A Survey on Security Issues in Service Delivery Models of Cloud Computing.}},
	Volume = {34},
	Year = {2011}}

@article{kamalkant,
	Author = {Kamal Kant, H. and Doshi, R. and Rathi, R.},
	Journal = {International Journal on Computational Science and Applications},
	Number = {1},
	Pages = {83--91},
	Publisher = {Web},
	Title = {{Security and Privacy Issues of Cloud and Grid Computing Networks.}},
	Volume = {4},
	Year = {2014}}

@article{chou,
	Author = {Chou, T.},
	Journal = {International Journal of Computer Science and Information Technology},
	Number = {3},
	Pages = {79--88},
	Publisher = {Web},
	Title = {{Security Threats on Cloud Computing Vulnerabilities.}},
	Volume = {5},
	Year = {2013}}

@techreport{chen,
	Author = {Chen, Y. and Paxson, V. and Katz, R.},
	Institution = {EECS Department, University of California, Berkeley},
	Title = {{What's New About Cloud Computing Security?}},
	Year = {2010}}

@conference{althebyan,
	Author = {Althebyan, Q. and Panda, B.},
	Booktitle = {Proceedings of the IEEE Workshop on Information Assurance and Security},
	Organization = {IEEE},
	Pages = {239--246},
	Title = {{A knowledge-base model for insider threat prediction}},
	Year = {2007}}

@conference{yun,
	Author = {Yun, A. and Shi, C. and Kim, Y.},
	Booktitle = {Proceedings of the 2009 ACM Workshop on Cloud Computing Security},
	Organization = {ACM},
	Pages = {67--76},
	Title = {{On protecting integrity and confidentiality of cryptographic file system for outsourced storage}},
	Year = {2009}}

@conference{jensen,
	Author = {Jensen, M. and Schwenk, J. and Gruschka, N. and Iacono, L.},
	Booktitle = {Proceedings of the 2009 IEEE International Conference on Cloud Computing},
	Organization = {IEEE},
	Pages = {109--116},
	Title = {{On Technical Security Issues in Cloud Computing}},
	Year = {2009}}

@conference{sirer,
	Author = {Sirer, E. and deBruijn, W. and Reynolds, P. and Shieh, A. and Walsh, K. and Williams, D. and Schneider, F.},
	Booktitle = {Proceedings of the 23rd ACM Symposium on Operating Systems Principles},
	Organization = {ACM},
	Pages = {249--264},
	Title = {{Logical attestation: An authorization architecture for trustworthy computing}},
	Year = {2011}}

@article{theoharidou,
	Author = {Theoharidou, M. and Kokolakis, S. and Karyda, M. and Kiountouzis, E.},
	Journal = {Computers and Security},
	Number = {6},
	Pages = {427--484},
	Title = {{The insider threat to Information Systems and the effectiveness of ISO 17799}},
	Volume = {24},
	Year = {2005}}

@conference{bishop,
	Author = {Bishop, M. and Gates, C.},
	Booktitle = {Proceedings of the 4th Annual Workshop on Cyber Security and Information Intelligence Research},
	Pages = {--},
	Title = {{Defining the Insider Threat}},
	Year = {2008}}

@conference{nguyen,
	Author = {Nguyen, N. and Reiher, P. and Kuenning, G.},
	Booktitle = {Proceedings of the 2003 IEEE Workshop on Information Assurance},
	Pages = {--},
	Title = {{Detecting Insider Threats by Monitoring System Call Activity}},
	Year = {2001}}

@techreport{magklaras,
	Author = {Magklaras, G. and Furnell, S.},
	Institution = {Department of Communication and Electronic Engineering, University of Plymouth},
	Pages = {62--73},
	Title = {{Insider Threat Prediction Tool: Evaluating the probability of IT misuse}},
	Year = {2001}}

@article{dimitrios,
	Author = {Dimitrios, Z. and Dimitrios, L.},
	Journal = {Future Generation Computer Systems},
	Pages = {583--592},
	Title = {{Addressing cloud computing security issues}},
	Volume = {28},
	Year = {2012}}

@techreport{suh,
	Author = {Suh, G. and Clarke, D. and Gassend, B. and Van Dijk, M. and Devadas, S.},
	Institution = {Laboratory for Computer Science Massachusetts Institute of Technology},
	Pages = {--},
	Title = {{AEGIS: Architecture for Tamper-Evident and Tamper-Resistant Processing}},
	Year = {2003}}

@techreport{szefer,
	Author = {Szefer, J. and Jamkhedkar, P. and Perez-Botero, D. and Lee, R.},
	Institution = {Princeton University},
	Pages = {--},
	Title = {{Cyber Defenses for Physical Attacks and Insider Threats in Cloud Computing}},
	Year = {2014}}

@techreport{sen,
	Author = {Sen, J.},
	Institution = {Innovation Labs, Tata Consultancy Services Ltd., Kolkata, INDIA},
	Title = {{Security and Privacy Issues in Cloud Computing}},
	Year = {2013}}

@techreport{oltsik,
	Author = {Oltsik, J.},
	Institution = {Trend Micro, Enterprise Strategy Group},
	Pages = {1--10},
	Title = {{The Cloud-based Threat Defense Model}},
	Year = {2010}}

@techreport{sabahi,
	Author = {Sabahi, F.},
	Institution = {Faculty of Computer Engineering, Azad University, Iran},
	Pages = {--},
	Title = {{Cloud Computing Security Threats and Responses}},
	Year = {2011}}

@techreport{dawoud,
	Author = {Dawoud, W. and Takouna, I. and Meinel, C.},
	Institution = {Hasso Plattner Institute Potsdam, Germany},
	Pages = {--},
	Title = {{Infrastructure as a Service Security: Challenges and Solutions}},
	Year = {2008}}

@article{mukherjee,
	Author = {Mukherjee, B. and Heberlein, L. and Levitt, K.},
	Journal = {IEEE Network},
	Pages = {26--41},
	Title = {{Network Intrusion Detection}},
	Volume = {94},
	Year = {1994}}

@techreport{dwoskin,
	Author = {Dwoskin, J. and Lee, R.},
	Institution = {Department of Electrical Engineering Princeton University},
	Pages = {--},
	Title = {{Hardware-rooted Trust for Secure Key Management and Transient Trust}},
	Year = {2007}}

@techreport{spitzner,
	Author = {Spitzner, L.},
	Institution = {Honeypot Technologies Inc},
	Pages = {--},
	Title = {{Honeypots: Catching the Insider Threat}},
	Year = {unknown}}

@techreport{kandias,
	Author = {Kandias, M. and Virvilis, N. and Gritzalis, D.},
	Institution = {Information Security and Critical Infrastructure Protection Research Laboratory Dept. of Informatics, Athens University of Economics and Business, Greece},
	Pages = {--},
	Title = {{The Insider Threat in Cloud Computing}},
	Year = {unknown}}
